@book{
    manber,
    author = {Manber, Udi},
    title = {Introduction to algorithms},
    publisher = {Addison-Wesley Publishing Company},
    year = {2012}    
}

@book{
    graph3,
    author = {Shimon Even},
    title = {Graph Algorithms},
    publisher = {Computer Science Press},
    year = {1979}    
}
