@book{libroUno,
    author = {Silberschatz, A. and Galvin, P. B. and Gagne, G.},
    title = {Operating Systems Concepts},
    publisher = {John Wiley and Sons},
    year = {2008},
    edition = {8th}
}

@book{libroDos,
    author = {Tanenbaum, Andrew S.},
    title = {Modern Operating Systems},
    publisher = {Pearson Education},
    year = {2014},
    edition = {4th}
}
