@book{libroUno,
    author = {Michael, R. Garey and David, S. Johnson},
    title = {Computars and Intractability},
    publisher = {Bell Telephone Laboratories},
    year = {1979}    
}
