@book{libroUno,
    author = {Andreas, C. Muller and Sarah Guido},
    title = {Introduction to Machine Learning with Python},
    publisher = {O'Reilly},
    year = {2016},
    edition = {1th}
}

@book{libroDos,
    author = {Stuart Russell and Peter Norvig},
    title = {Inteligencia Artificial Un Enfoque moderno},
    publisher = {Pearson Prentice Hall},
    year = {2016},
    edition = {2nd}
}

@online{
    rtatlas,
    author = "Enrique Pérez",
    title = "Boston Dynamics ha cruzado la última frontera en la agilidad de sus robots",
    year = "2023",
    url = "https://www.xataka.com/robotica-e-ia/boston-dynamics-ha-cruzado-ultima-frontera-agilidad-sus-robots-volteretas-mortales",
    urldate = "2024-02-26"
}

@online{
    rtatlas,
    author = "Blog de CEUPE",
    title = "¿Qué es un Agente Inteligente?",
    year = "2023",
    url = "https://www.ceupe.com/blog/agente-inteligente.html",
    urldate = "2024-02-26"
}