@book{libroUno,
    author = {Diana MacDonald},
    title = {Practical UI Oatterns for Design Systems},
    publisher = {Apress},
    year = {2019}
}
